@article{tanaka2021visualmrc,
  title={Visualmrc: Machine reading comprehension on document images},
  author={Tanaka, Ryota and Nishida, Kyosuke and Yoshida, Sen},
  journal={arXiv preprint arXiv:2101.11272},
  year={2021}
}

@inproceedings{wang2020general,
  title={On the general value of evidence, and bilingual scene-text visual question answering},
  author={Wang, Xinyu and Liu, Yuliang and Shen, Chunhua and Ng, Chun Chet and Luo, Canjie and Jin, Lianwen and Chan, Chee Seng and Hengel, Anton van den and Wang, Liangwei},
  booktitle={Proceedings of the IEEE/CVF Conference on Computer Vision and Pattern Recognition},
  pages={10126--10135},
  year={2020}
}
@article{han2020finding,
  title={Finding the evidence: Localization-aware answer prediction for text visual question answering},
  author={Han, Wei and Huang, Hantao and Han, Tao},
  journal={arXiv preprint arXiv:2010.02582},
  year={2020}
}

@article{gu2016incorporating,
  title={Incorporating copying mechanism in sequence-to-sequence learning},
  author={Gu, Jiatao and Lu, Zhengdong and Li, Hang and Li, Victor OK},
  journal={arXiv preprint arXiv:1603.06393},
  year={2016}
}

@article{velivckovic2017graph,
  title={Graph attention networks},
  author={Veli{\v{c}}kovi{\'c}, Petar and Cucurull, Guillem and Casanova, Arantxa and Romero, Adriana and Lio, Pietro and Bengio, Yoshua},
  journal={arXiv preprint arXiv:1710.10903},
  year={2017}
}

@inproceedings{li2019regat,
  title={Relation-aware graph attention network for visual question answering},
  author={Li, Linjie and Gan, Zhe and Cheng, Yu and Liu, Jingjing},
  booktitle={Proceedings of the IEEE/CVF international conference on computer vision},
  pages={10313--10322},
  year={2019}
}

@inproceedings{kant2020spatially,
  title={Spatially aware multimodal transformers for textvqa},
  author={Kant, Yash and Batra, Dhruv and Anderson, Peter and Schwing, Alexander and Parikh, Devi and Lu, Jiasen and Agrawal, Harsh},
  booktitle={European Conference on Computer Vision},
  pages={715--732},
  year={2020},
  organization={Springer}
}

@inproceedings{liu2020cascade,
  title={Cascade reasoning network for text-based visual question answering},
  author={Liu, Fen and Xu, Guanghui and Wu, Qi and Du, Qing and Jia, Wei and Tan, Mingkui},
  booktitle={Proceedings of the 28th ACM International Conference on Multimedia},
  pages={4060--4069},
  year={2020}
}

@article{zhu2020simple,
  title={Simple is not easy: A simple strong baseline for textvqa and textcaps},
  author={Zhu, Qi and Gao, Chenyu and Wang, Peng and Wu, Qi},
  journal={arXiv preprint arXiv:2012.05153},
  volume={2},
  year={2020}
}

@article{gao2021sma,
  title={Structured multimodal attentions for textvqa},
  author={Gao, Chenyu and Zhu, Qi and Wang, Peng and Li, Hui and Liu, Yuliang and Van den Hengel, Anton and Wu, Qi},
  journal={IEEE Transactions on Pattern Analysis and Machine Intelligence},
  year={2021},
  publisher={IEEE}
}

@inproceedings{kim2021vilt,
  title={Vilt: Vision-and-language transformer without convolution or region supervision},
  author={Kim, Wonjae and Son, Bokyung and Kim, Ildoo},
  booktitle={International Conference on Machine Learning},
  pages={5583--5594},
  year={2021},
  organization={PMLR}
}

@article{vinyals2015pointer,
  title={Pointer networks},
  author={Vinyals, Oriol and Fortunato, Meire and Jaitly, Navdeep},
  journal={Advances in neural information processing systems},
  volume={28},
  year={2015}
}

@inproceedings{tan2019lxmert,
  title={LXMERT: Learning Cross-Modality Encoder Representations from Transformers},
  author={Tan, Hao and Bansal, Mohit},
  booktitle={Proceedings of the 2019 Conference on Empirical Methods in Natural Language Processing and the 9th International Joint Conference on Natural Language Processing (EMNLP-IJCNLP)},
  pages={5100--5111},
  year={2019}
}

@article{su2019vl,
  title={Vl-bert: Pre-training of generic visual-linguistic representations},
  author={Su, Weijie and Zhu, Xizhou and Cao, Yue and Li, Bin and Lu, Lewei and Wei, Furu and Dai, Jifeng},
  journal={arXiv preprint arXiv:1908.08530},
  year={2019}
}

@article{lu2019vilbert,
  title={Vilbert: Pretraining task-agnostic visiolinguistic representations for vision-and-language tasks},
  author={Lu, Jiasen and Batra, Dhruv and Parikh, Devi and Lee, Stefan},
  journal={Advances in neural information processing systems},
  volume={32},
  year={2019}
}

@article{li2019visualbert,
  title={Visualbert: A simple and performant baseline for vision and language},
  author={Li, Liunian Harold and Yatskar, Mark and Yin, Da and Hsieh, Cho-Jui and Chang, Kai-Wei},
  journal={arXiv preprint arXiv:1908.03557},
  year={2019}
}

@inproceedings{li2021structurallm,
  title={StructuralLM: Structural Pre-training for Form Understanding},
  author={Li, Chenliang and Bi, Bin and Yan, Ming and Wang, Wei and Huang, Songfang and Huang, Fei and Si, Luo},
  booktitle={Proceedings of the 59th Annual Meeting of the Association for Computational Linguistics and the 11th International Joint Conference on Natural Language Processing (Volume 1: Long Papers)},
  pages={6309--6318},
  year={2021}
}

@inproceedings{powalski2021going,
  title={Going full-tilt boogie on document understanding with text-image-layout transformer},
  author={Powalski, Rafa{\l} and Borchmann, {\L}ukasz and Jurkiewicz, Dawid and Dwojak, Tomasz and Pietruszka, Micha{\l} and Pa{\l}ka, Gabriela},
  booktitle={International Conference on Document Analysis and Recognition},
  pages={732--747},
  year={2021},
  organization={Springer}
}

@inproceedings{xu2020layoutlm,
  title={Layoutlm: Pre-training of text and layout for document image understanding},
  author={Xu, Yiheng and Li, Minghao and Cui, Lei and Huang, Shaohan and Wei, Furu and Zhou, Ming},
  booktitle={Proceedings of the 26th ACM SIGKDD International Conference on Knowledge Discovery \& Data Mining},
  pages={1192--1200},
  year={2020}
}

@inproceedings{yang2021tap,
  title={Tap: Text-aware pre-training for text-vqa and text-caption},
  author={Yang, Zhengyuan and Lu, Yijuan and Wang, Jianfeng and Yin, Xi and Florencio, Dinei and Wang, Lijuan and Zhang, Cha and Zhang, Lei and Luo, Jiebo},
  booktitle={Proceedings of the IEEE/CVF Conference on Computer Vision and Pattern Recognition},
  pages={8751--8761},
  year={2021}
}1l

@inproceedings{kenton2019bert,
  title={BERT: Pre-training of Deep Bidirectional Transformers for Language Understanding},
  author={Kenton, Jacob Devlin Ming-Wei Chang and Toutanova, Lee Kristina},
  booktitle={Proceedings of NAACL-HLT},
  pages={4171--4186},
  year={2019}
}

@inproceedings{sidorov2020textcaps,
  title={Textcaps: a dataset for image captioning with reading comprehension},
  author={Sidorov, Oleksii and Hu, Ronghang and Rohrbach, Marcus and Singh, Amanpreet},
  booktitle={European Conference on Computer Vision},
  pages={742--758},
  year={2020},
  organization={Springer}
}

@article{rao2021first,
  title={A First Look: Towards Explainable TextVQA Models via Visual and Textual Explanations},
  author={Rao, Varun Nagaraj and Zhen, Xingjian and Hovsepian, Karen and Shen, Mingwei},
  journal={arXiv preprint arXiv:2105.02626},
  year={2021}
}

@inproceedings{gao2020multi,
  title={Multi-modal graph neural network for joint reasoning on vision and scene text},
  author={Gao, Difei and Li, Ke and Wang, Ruiping and Shan, Shiguang and Chen, Xilin},
  booktitle={Proceedings of the IEEE/CVF Conference on Computer Vision and Pattern Recognition},
  pages={12746--12756},
  year={2020}
}

@article{gao2021structured,
  title={Structured multimodal attentions for textvqa},
  author={Gao, Chenyu and Zhu, Qi and Wang, Peng and Li, Hui and Liu, Yuliang and Van den Hengel, Anton and Wu, Qi},
  journal={IEEE Transactions on Pattern Analysis and Machine Intelligence},
  year={2021},
  publisher={IEEE}
}

@inproceedings{biten2019scene,
  title={Scene text visual question answering},
  author={Biten, Ali Furkan and Tito, Ruben and Mafla, Andres and Gomez, Lluis and Rusinol, Mar{\c{c}}al and Valveny, Ernest and Jawahar, CV and Karatzas, Dimosthenis},
  booktitle={Proceedings of the IEEE/CVF international conference on computer vision},
  pages={4291--4301},
  year={2019}
}

@InProceedings{Singh_2019_CVPR,
author = {Singh, Amanpreet and Natarajan, Vivek and Shah, Meet and Jiang, Yu and Chen, Xinlei and Batra, Dhruv and Parikh, Devi and Rohrbach, Marcus},
title = {Towards VQA Models That Can Read},
booktitle = {Proceedings of the IEEE/CVF Conference on Computer Vision and Pattern Recognition (CVPR)},
month = {June},
year = {2019}
}

@InProceedings{qiao2021winner,
      title={Winner Team Mia at TextVQA Challenge 2021: Vision-and-Language Representation Learning with Pre-trained Sequence-to-Sequence Model}, 
      author={Yixuan Qiao and Hao Chen and Jun Wang and Yihao Chen and Xianbin Ye and Ziliang Li and Xianbiao Qi and Peng Gao and Guotong Xie},
      year={2021},
      eprint={2106.15332},
      archivePrefix={arXiv},
      primaryClass={cs.CV}
}


@inproceedings{hu2020iterative,
  title={Iterative answer prediction with pointer-augmented multimodal transformers for textvqa},
  author={Hu, Ronghang and Singh, Amanpreet and Darrell, Trevor and Rohrbach, Marcus},
  booktitle={Proceedings of the IEEE/CVF Conference on Computer Vision and Pattern Recognition},
  pages={9992--10002},
  year={2020}
}

@inproceedings{xu2021layoutlmv2,
  title={LayoutLMv2: Multi-modal Pre-training for Visually-rich Document Understanding},
  author={Xu, Yang and Xu, Yiheng and Lv, Tengchao and Cui, Lei and Wei, Furu and Wang, Guoxin and Lu, Yijuan and Florencio, Dinei and Zhang, Cha and Che, Wanxiang and others},
  booktitle={Proceedings of the 59th Annual Meeting of the Association for Computational Linguistics and the 11th International Joint Conference on Natural Language Processing (Volume 1: Long Papers)},
  pages={2579--2591},
  year={2021}
}

@article{see2017get,
  title={Get to the point: Summarization with pointer-generator networks},
  author={See, Abigail and Liu, Peter J and Manning, Christopher D},
  journal={arXiv preprint arXiv:1704.04368},
  year={2017}
}

@inproceedings{sidorov2020textcaps,
      title={TextCaps: a Dataset for Image Captioning with Reading Comprehension}, 
      author={Oleksii Sidorov and Ronghang Hu and Marcus Rohrbach and Amanpreet Singh},
      year={2020},
      eprint={2003.12462},
      archivePrefix={arXiv},
      primaryClass={cs.CV}
}
@inproceedings{mathew2021docvqa,
  title={Docvqa: A dataset for vqa on document images},
  author={Mathew, Minesh and Karatzas, Dimosthenis and Jawahar, CV},
  booktitle={Proceedings of the IEEE/CVF Winter Conference on Applications of Computer Vision},
  pages={2200--2209},
  year={2021}
}

@article{mutant,
  author    = {Tejas Gokhale and
               Pratyay Banerjee and
               Chitta Baral and
               Yezhou Yang},
  title     = {{MUTANT:} {A} Training Paradigm for Out-of-Distribution Generalization
               in Visual Question Answering},
  journal   = {CoRR},
  volume    = {abs/2009.08566},
  year      = {2020},
  url       = {https://arxiv.org/abs/2009.08566},
  eprinttype = {arXiv},
  eprint    = {2009.08566},
  timestamp = {Wed, 23 Sep 2020 15:51:46 +0200},
  biburl    = {https://dblp.org/rec/journals/corr/abs-2009-08566.bib},
  bibsource = {dblp computer science bibliography, https://dblp.org}
}

@article{RAD,
  author    = {Daniel Rosenberg and
               Itai Gat and
               Amir Feder and
               Roi Reichart},
  title     = {Are {VQA} Systems RAD? Measuring Robustness to Augmented Data with
               Focused Interventions},
  journal   = {CoRR},
  volume    = {abs/2106.04484},
  year      = {2021},
  url       = {https://arxiv.org/abs/2106.04484},
  eprinttype = {arXiv},
  eprint    = {2106.04484},
  timestamp = {Fri, 11 Jun 2021 11:04:16 +0200},
  biburl    = {https://dblp.org/rec/journals/corr/abs-2106-04484.bib},
  bibsource = {dblp computer science bibliography, https://dblp.org}
}

@article{unshuffling,
  author    = {Damien Teney and
               Ehsan Abbasnejad and
               Anton van den Hengel},
  title     = {Unshuffling Data for Improved Generalization},
  journal   = {CoRR},
  volume    = {abs/2002.11894},
  year      = {2020},
  url       = {https://arxiv.org/abs/2002.11894},
  eprinttype = {arXiv},
  eprint    = {2002.11894},
  timestamp = {Tue, 03 Mar 2020 14:32:13 +0100},
  biburl    = {https://dblp.org/rec/journals/corr/abs-2002-11894.bib},
  bibsource = {dblp computer science bibliography, https://dblp.org}
}

@article{DenseViT,
  author    = {Ren{\'{e}} Ranftl and
               Alexey Bochkovskiy and
               Vladlen Koltun},
  title     = {Vision Transformers for Dense Prediction},
  journal   = {CoRR},
  volume    = {abs/2103.13413},
  year      = {2021},
  url       = {https://arxiv.org/abs/2103.13413},
  eprinttype = {arXiv},
  eprint    = {2103.13413},
  timestamp = {Wed, 07 Apr 2021 15:31:46 +0200},
  biburl    = {https://dblp.org/rec/journals/corr/abs-2103-13413.bib},
  bibsource = {dblp computer science bibliography, https://dblp.org}
}

@article{devlin2018bert,
  title={Bert: Pre-training of deep bidirectional transformers for language understanding},
  author={Devlin, Jacob and Chang, Ming-Wei and Lee, Kenton and Toutanova, Kristina},
  journal={arXiv preprint arXiv:1810.04805},
  year={2018}
}

@article{Roses,
  author    = {Corentin Kervadec and
               Grigory Antipov and
               Moez Baccouche and
               Christian Wolf},
  title     = {Roses Are Red, Violets Are Blue... but Should Vqa Expect Them To?},
  journal   = {CoRR},
  volume    = {abs/2006.05121},
  year      = {2020},
  url       = {https://arxiv.org/abs/2006.05121},
  eprinttype = {arXiv},
  eprint    = {2006.05121},
  timestamp = {Fri, 12 Jun 2020 14:02:57 +0200},
  biburl    = {https://dblp.org/rec/journals/corr/abs-2006-05121.bib},
  bibsource = {dblp computer science bibliography, https://dblp.org}
}

@inproceedings{hu2021unit,
  title={Unit: Multimodal multitask learning with a unified transformer},
  author={Hu, Ronghang and Singh, Amanpreet},
  booktitle={Proceedings of the IEEE/CVF International Conference on Computer Vision},
  pages={1439--1449},
  year={2021}
}

@inproceedings{lu202012,
  title={12-in-1: Multi-task vision and language representation learning},
  author={Lu, Jiasen and Goswami, Vedanuj and Rohrbach, Marcus and Parikh, Devi and Lee, Stefan},
  booktitle={Proceedings of the IEEE/CVF Conference on Computer Vision and Pattern Recognition},
  pages={10437--10446},
  year={2020}
}